@inproceedings{agichtein2008finding,
  title={Finding high-quality content in social media},
  author={Agichtein, Eugene and Castillo, Carlos and Donato, Debora and Gionis, Aristides and Mishne, Gilad},
  booktitle={Proceedings of the 2008 international conference on web search and data mining},
  pages={183--194},
  year={2008},
  organization={ACM}
}
@inproceedings{harper2009facts,
  title={Facts or friends?: distinguishing informational and conversational questions in social Q\&A sites},
  author={Harper, F Maxwell and Moy, Daniel and Konstan, Joseph A},
  booktitle={Proceedings of the SIGCHI Conference on Human Factors in Computing Systems},
  pages={759--768},
  year={2009},
  organization={ACM}
}
@inproceedings{mendes2009socializing,
  title={Socializing or knowledge sharing?: characterizing social intent in community question answering},
  author={Mendes Rodrigues, Eduarda and Milic-Frayling, Natasa},
  booktitle={Proceedings of the 18th ACM conference on Information and knowledge management},
  pages={1127--1136},
  year={2009},
  organization={ACM}
}
@article{lezina2013predict,
  title={Predict closed questions on stackoverflow},
  author={Lezina, C Galina E and Kuznetsov, Artem M},
  year={2013},
  publisher={Citeseer}
}
@article{bird2009accessing,
  title={Accessing text corpora and lexical resources},
  author={Bird, S and Klein, E and Loper, E},
  journal={Natural Language Processing with Python. Oâ€™Reilly Media},
  volume={60},
  year={2009}
}
@article{porter1980algorithm,
  title={An algorithm for suffix stripping},
  author={Porter, Martin F},
  journal={Program},
  volume={14},
  number={3},
  pages={130--137},
  year={1980},
  publisher={MCB UP Ltd}
}
@article{blei2003latent,
  title={Latent dirichlet allocation},
  author={Blei, David M and Ng, Andrew Y and Jordan, Michael I},
  journal={Journal of machine Learning research},
  volume={3},
  number={Jan},
  pages={993--1022},
  year={2003}
}
@misc{olshen1984classification,
  title={Classification and regression trees. Monterey, CA: Wadsworth \& Brooks},
  author={Olshen, RA and Stone, CJ},
  year={1984},
  publisher={Cole Advanced Books \& Software}
}
@article{chawla2002smote,
  title={SMOTE: synthetic minority over-sampling technique},
  author={Chawla, Nitesh V. and Bowyer, Kevin W. and Hall, Lawrence O. and Kegelmeyer, W. Philip},
  journal={Journal of artificial intelligence research},
  volume={16},
  pages={321--357},
  year={2002}
}